<record><leader>00000cas a22000007a 4500</leader><controlfield tag="001">20943027</controlfield><controlfield tag="008">900123d19471954pauwr ne      0    0eng d</controlfield><datafield ind1=" " ind2=" " tag="010"><subfield code="a">sn 90069119 </subfield></datafield><datafield ind1=" " ind2=" " tag="040"><subfield code="a">NPH</subfield><subfield code="b">eng</subfield><subfield code="c">NPH</subfield><subfield code="d">OCLCQ</subfield></datafield><datafield ind1=" " ind2=" " tag="042"><subfield code="a">msc</subfield></datafield><datafield ind1="0" ind2=" " tag="130"><subfield code="a">Duncannon record (Duncannon, Pa. : 1947)</subfield></datafield><datafield ind1="1" ind2="0" tag="245"><subfield code="a">Duncannon record.</subfield></datafield><datafield ind1=" " ind2=" " tag="260"><subfield code="a">Duncannon, Pa. :</subfield><subfield code="b">Richard A. Swank,</subfield><subfield code="c">1947-1954.</subfield></datafield><datafield ind1=" " ind2=" " tag="300"><subfield code="a">v. :</subfield><subfield code="b">ill. ;</subfield><subfield code="c">55 cm.</subfield></datafield><datafield ind1=" " ind2=" " tag="310"><subfield code="a">Weekly</subfield></datafield><datafield ind1="0" ind2=" " tag="362"><subfield code="a">Vol. 74, no. 31 (Jan. 16, 1947)-v. 82, no. 13 (Sept. 2, 1954).</subfield></datafield><datafield ind1=" " ind2=" " tag="752"><subfield code="a">United States</subfield><subfield code="b">Pennsylvania</subfield><subfield code="c">Perry</subfield><subfield code="d">Duncannon.</subfield></datafield><datafield ind1="0" ind2="0" tag="780"><subfield code="t">Duncannon record Marysville journal people's advocate</subfield><subfield code="w">(DLC)sn 90069118</subfield></datafield><datafield ind1="0" ind2="0" tag="785"><subfield code="t">Duncannon record Marysville journal (Duncannon, Pa. : 1954)</subfield><subfield code="w">(DLC)sn 90069120</subfield></datafield></record>